@inproceedings{ben2015secure,
  title={Secure sampling of public parameters for succinct zero knowledge proofs},
  author={Ben-Sasson, Eli and Chiesa, Alessandro and Green, Matthew and Tromer, Eran and Virza, Madars},
  booktitle={IEEE Symposium on Security and Privacy},
  year={2015},
}

@inproceedings{bowe2018multi,
  title={A multi-party protocol for constructing the public parameters of the Pinocchio zk-SNARK},
  author={Bowe, Sean and Gabizon, Ariel and Green, Matthew D},
  booktitle={Financial Cryptography},
  year={2018},
}

@inproceedings{abdolmaleki2019uc,
  title={UC-secure CRS generation for SNARKs},
  author={Abdolmaleki, Behzad and Baghery, Karim and Lipmaa, Helger and Siim, Janno and Zaj{\k{a}}c, Micha{\l}},
  booktitle={AfricaCrypt},
  year={2019},
}

@article{bowe2017scalable,
  title={Scalable multi-party computation for zk-SNARK parameters in the random beacon model},
  author={Bowe, Sean and Gabizon, Ariel and Miers, Ian},
  journal={Cryptology ePrint Archive},
  year={2017}
}

@inproceedings{kohlweiss2021snarky,
  title={Snarky ceremonies},
  author={Kohlweiss, Markulf and Maller, Mary and Siim, Janno and Volkhov, Mikhail},
  booktitle={AsiaCrypt},
  year={2021},
}

@misc{buterintrustedsetup,
title={"{H}ow do trusted setups work?"},
howpublished = "\url{https://vitalik.ca/general/2022/03/14/trustedsetup.html}",
author={Buterin, Vitalik},
year={2022}
}